<?xml version="1.0" encoding="UTF-8"?><collection xmlns="http://www.loc.gov/MARC21/slim"><record><leader>00527nam--2200133-i-4500</leader><controlfield tag="001">000034248</controlfield><controlfield tag="002">20161230</controlfield><controlfield tag="005">20161230201039</controlfield><controlfield tag="008">060222s1000------------r-----000-0-eng-d</controlfield><datafield ind1=" " ind2=" " tag="100"><subfield code="a">Mund, W</subfield></datafield><datafield ind1=" " ind2=" " tag="245"><subfield code="a">Le effets chimiques produits par les rayons ionisants en phase gaseuse. ageno, m-phenomenes de luminescence provoquess par les rayonsements de grand energie. miller, n-introduction a la dosimetrie des radiations</subfield></datafield><datafield ind1=" " ind2=" " tag="260"><subfield code="a">Paris, Masson, 1956, Vi + 223p</subfield></datafield><datafield ind1=" " ind2=" " tag="490"><subfield code="a">Actions Chimiques Et Biol. Des Rad. Coll</subfield></datafield><datafield ind1=" " ind2=" " tag="852"><subfield code="a">10336</subfield></datafield></record></collection>